<?xml version="1.0" encoding="utf-8"?>
<record xmlns="http://www.loc.gov/MARC21/slim" xmlns:xsi="http://www.w3.org/2001/XMLSchema-instance" xsi:schemaLocation="http://www.loc.gov/MARC21/slim http://www.loc.gov/standards/marcxml/schema/MARC21slim.xsd">
	<leader>     nam a22     Mi 4500</leader>
	<controlfield tag="001">b12938324</controlfield>
	<controlfield tag="003">LeBAU</controlfield>
	<controlfield tag="006">m        d        </controlfield>
	<controlfield tag="007">cr cn |||m|||a</controlfield>
	<controlfield tag="008">190920s1924    ua      o     ||0 0 ara d</controlfield>
	<datafield ind1=" " ind2=" " tag="040">
		<subfield code="a">ZYU</subfield>
		<subfield code="b">ara</subfield>
		<subfield code="e">rda</subfield>
		<subfield code="c">ZYU</subfield>
	</datafield>
	<datafield ind1="0" ind2="4" tag="082">
		<subfield code="a">297.3</subfield>
		<subfield code="2">22</subfield>
	</datafield>
	<datafield ind1="0" ind2=" " tag="100">
		<subfield code="6">880-01</subfield>
		<subfield code="a">Muḥammad ʻAbduh,</subfield>
		<subfield code="d">1849-1905,</subfield>
		<subfield code="e">author.</subfield>
	</datafield>
	<datafield ind1="1" ind2="0" tag="245">
		<subfield code="6">880-02</subfield>
		<subfield code="a">Risālat al-tawḥīd /</subfield>
		<subfield code="c">taʼlīf al-marḥūm al-maghfūr la-hu al-Shaykh Muḥammad ʻAbduh al-Miṣrī, muftī al-Diyār al-Miṣrīyah al-mutawaffá yawm al-Thulāthā’ 8 Jumādá al-ūlá sanat 1323 H. al-muwāfiq 11 Yūliyū sanat 1905 M.</subfield>
	</datafield>
	<datafield ind1=" " ind2=" " tag="250">
		<subfield code="6">880-03</subfield>
		<subfield code="a">al-Ṭabʻah al-thānīyah.</subfield>
	</datafield>
	<datafield ind1=" " ind2="1" tag="264">
		<subfield code="6">880-04</subfield>
		<subfield code="a">[al-Qāhirah] :</subfield>
		<subfield code="b">al-Maṭbaʻah al-Khayrīyah,</subfield>
		<subfield code="c">1343 H., [1924? M.]</subfield>
	</datafield>
	<datafield ind1=" " ind2=" " tag="300">
		<subfield code="6">880-05</subfield>
		<subfield code="a">online resource (112 pages)</subfield>
	</datafield>
	<datafield ind1=" " ind2=" " tag="336">
		<subfield code="a">text</subfield>
		<subfield code="2">rdacontent</subfield>
	</datafield>
	<datafield ind1=" " ind2=" " tag="337">
		<subfield code="a">computer</subfield>
		<subfield code="2">rdamedia</subfield>
	</datafield>
	<datafield ind1=" " ind2=" " tag="338">
		<subfield code="a">online resource</subfield>
		<subfield code="2">rdacarrier</subfield>
	</datafield>
	<datafield ind1=" " ind2=" " tag="500">
		<subfield code="a">Part of the Arabic Collections Online (ACO) project, contributed by American University of Beirut's Jafet Memorial Library.</subfield>
	</datafield>
	<datafield ind1=" " ind2=" " tag="533">
		<subfield code="a">Electronic reproduction.</subfield>
		<subfield code="b">New York, N.Y. :</subfield>
		<subfield code="c">New York University,</subfield>
		<subfield code="d">2019.</subfield>
		<subfield code="5">NNU</subfield>
	</datafield>
	<datafield ind1=" " ind2="0" tag="650">
		<subfield code="6">880-06</subfield>
		<subfield code="a">Monotheism.</subfield>
	</datafield>
	<datafield ind1=" " ind2="0" tag="650">
		<subfield code="6">880-07</subfield>
		<subfield code="a">Islam</subfield>
		<subfield code="x">Doctrines.</subfield>
	</datafield>
	<datafield ind1="2" ind2=" " tag="710">
		<subfield code="a">Jafet Memorial Library.</subfield>
	</datafield>
	<datafield ind1="0" ind2=" " tag="730">
		<subfield code="a">Arabic Collections Online.</subfield>
	</datafield>
	<datafield ind1="0" ind2="8" tag="775">
		<subfield code="6">880-08</subfield>
		<subfield code="i">has designation of edition</subfield>
		<subfield code="4">http://rdaregistry.info/Elements/m/P30133 :</subfield>
		<subfield code="t">Risālat al-tawḥīd.</subfield>
		<subfield code="b">al-Ṭabʻah al-ūlá.</subfield>
		<subfield code="d">Būlāq, Miṣr : al-Maṭbaʻah al-Kubrá al-Amīrīyah, 1315 [H.], [1897? M.]</subfield>
		<subfield code="w">(OCoLC)784272629</subfield>
		<subfield code="w">(OCoLC)784272629</subfield>
	</datafield>
	<datafield ind1="0" ind2="8" tag="775">
		<subfield code="6">880-09</subfield>
		<subfield code="i">has designation of edition</subfield>
		<subfield code="4">http://rdaregistry.info/Elements/m/P30133 :</subfield>
		<subfield code="t">Risālat al-tawḥīd.</subfield>
		<subfield code="d">al-Qāhirah : Maktabat al-Thaqāfah al-ʻArabīyah, [between 1960 and 1990?]</subfield>
		<subfield code="w">b21034771</subfield>
	</datafield>
	<datafield ind1="0" ind2="8" tag="776">
		<subfield code="i">Print version:</subfield>
		<subfield code="a">Muḥammad ʻAbduh, 1849-1905, author.</subfield>
		<subfield code="t">Risālat al-tawḥīd</subfield>
		<subfield code="w">(LeBAU)b12938324</subfield>
	</datafield>
	<datafield ind1="4" ind2="0" tag="856">
		<subfield code="u">http://hdl.handle.net/2333.1/4tmpgd31</subfield>
	</datafield>
	<datafield ind1="0" ind2=" " tag="880">
		<subfield code="6">100-01</subfield>
		<subfield code="a">محمد عبده،</subfield>
		<subfield code="d">1849-1905،</subfield>
		<subfield code="e">مؤلف.</subfield>
		<subfield code="4">aut.</subfield>
	</datafield>
	<datafield ind1="1" ind2="0" tag="880">
		<subfield code="6">245-02</subfield>
		<subfield code="a">رسالة التوحيد /</subfield>
		<subfield code="c">تأليف المرحوم المغفور له الشيخ محمد عبده المصري، مفتي الديار المصرية المتوفى يوم الثلاثاء 8 جمادي الأولى سنة 1323 هـ. الموافق 11 يوليو سنة 1905 م.</subfield>
	</datafield>
	<datafield ind1=" " ind2=" " tag="880">
		<subfield code="6">250-03</subfield>
		<subfield code="a">الطبعة الثانية.</subfield>
	</datafield>
	<datafield ind1=" " ind2="1" tag="880">
		<subfield code="6">264-04</subfield>
		<subfield code="a">[القاهرة] :</subfield>
		<subfield code="b">المطبعة الخيرية،</subfield>
		<subfield code="c">1343 هـ.، [1924؟ م.]</subfield>
	</datafield>
	<datafield ind1=" " ind2=" " tag="880">
		<subfield code="6">300-05</subfield>
		<subfield code="a">112 صفحة ؛</subfield>
		<subfield code="c">20 سم</subfield>
	</datafield>
	<datafield ind1=" " ind2=" " tag="880">
		<subfield code="6">590-00</subfield>
		<subfield code="a">صفحة العنوان والصفحات 2، 111-112 مصورة.</subfield>
	</datafield>
	<datafield ind1=" " ind2="4" tag="880">
		<subfield code="6">650-06</subfield>
		<subfield code="a">التوحيد.</subfield>
	</datafield>
	<datafield ind1=" " ind2="4" tag="880">
		<subfield code="6">650-07</subfield>
		<subfield code="a">الاسلام</subfield>
		<subfield code="x">عقائد.</subfield>
	</datafield>
	<datafield ind1="0" ind2="8" tag="880">
		<subfield code="6">775-08</subfield>
		<subfield code="i">دلالة على الطبعة</subfield>
		<subfield code="4">http://rdaregistry.info/Elements/m/P30133 :</subfield>
		<subfield code="t">رسالة التوحيد.</subfield>
		<subfield code="b">الطبعة الأولى.</subfield>
		<subfield code="d">بولاق، مصر : المطبعة الكبرى الأميرية، 1315 [هـ.]، [1897؟ م.]</subfield>
		<subfield code="w">b12366730</subfield>
		<subfield code="w">(OCoLC)784272629</subfield>
	</datafield>
	<datafield ind1="0" ind2="8" tag="880">
		<subfield code="6">775-09</subfield>
		<subfield code="i">دلالة على الطبعة</subfield>
		<subfield code="4">http://rdaregistry.info/Elements/m/P30133 :</subfield>
		<subfield code="t">رسالة التوحيد.</subfield>
		<subfield code="d">[القاهرة] : مكتبة الثقافة العربية، [ما بين 1960 و 1990؟]</subfield>
		<subfield code="w">b21034771</subfield>
	</datafield>
	<datafield ind1=" " ind2=" " tag="959">
		<subfield code="a">NNU</subfield>
		<subfield code="b">WEB</subfield>
		<subfield code="c">GENI</subfield>
		<subfield code="t">0</subfield>
		<subfield code="m">Electronic access</subfield>
		<subfield code="s">01</subfield>
	</datafield>
	<datafield ind1=" " ind2=" " tag="999">
		<subfield code="i">LeBAU_b12938324</subfield>
		<subfield code="s">aub_aco002934</subfield>
		<subfield code="e">(ERROR-MISC)</subfield>
		<subfield code="s">aub_aco002934</subfield>
	</datafield>
</record>
